<?xml version="1.0" encoding="UTF-8"?><collection xmlns="http://www.loc.gov/MARC21/slim"><record><leader>00447nam--2200169-i-4500</leader><controlfield tag="001">000032226</controlfield><controlfield tag="002">20161230</controlfield><controlfield tag="005">20170118172423</controlfield><controlfield tag="008">060222s1000------------r-----000-0-eng-d</controlfield><datafield ind1=" " ind2=" " tag="080"><subfield code="a">541.183.12:54-386</subfield></datafield><datafield ind1=" " ind2=" " tag="100"><subfield code="a">Marcus, Y</subfield></datafield><datafield ind1=" " ind2=" " tag="245"><subfield code="a">Ion exchange and solvent extraction of metal complexes</subfield></datafield><datafield ind1=" " ind2=" " tag="260"><subfield code="a">London</subfield><subfield code="b">Wiley-Intgerscience</subfield><subfield code="c">1969</subfield></datafield><datafield ind1=" " ind2=" " tag="300"><subfield code="a">IX + 1037 p</subfield></datafield><datafield ind1=" " ind2=" " tag="700"><subfield code="a">Kertes, A. S</subfield></datafield><datafield ind1=" " ind2=" " tag="852"><subfield code="a">32908</subfield></datafield><datafield ind1=" " ind2=" " tag="CAT"><subfield code="a">SYS</subfield><subfield code="c">20170118</subfield><subfield code="h">172423</subfield></datafield></record></collection>